@inproceedings{ternes2012,
author		=	{Benjamin Ternes},
year		=	{2012},
booktitle	=	{Nutzung des Tools EM-Praktikum und ANSYS in den Lehrveranstaltungen der Elektrischen Maschinen},
title		=	{Beitrag zur internationalen ANSYS Konferenz in Kassel -- Simulation des Synchronprozesses},
pages 		=	{108--112},
organization	=	{CADFEM}
}

@incollection{ternes2015,
	author		=	{Ternes, Benjamin AND Feldkamp, Jan},
	year		=	{2015},
	booktitle	=	{Veröffentlichungen des Master Studiengangs Elektromobilität der Hochschule Bochum 2014},
	title		=	{Ansätze zur Parameteridentifikation einer PMSM},
	pages 		=	{4--10},
	publisher	=	{Institut für Elektromobilität}
}

@misc{bier_typokurz_2009,
	title = {typokurz~--~Einige wichtige typografische Regeln},
	url = {http://www.ph-weingarten.de/schreibwerkstatt/downloads/typokurz.pdf},
	abstract = {Dieses kurze Dokument soll einen schnellen Überblick über ein paar aus meiner
	Sicht wichtige und gleichzeitig leicht einzuhaltende (mikro)typografische Regeln
	geben, die die Leserlichkeit eines Textes verbessern. Daher spare ich mir lange Erklärungen
	und das Vorwort. Die Regeln helfen, typografische Fehler zu vermeiden,
	die mir beim Lesen verschiedenster Texte am häufigsten aufgefallen sind.},
	author = {Bier, Christoph},
	urldate = {2016-01-20},
	year = {2009},
	keywords = {typografie}
}

@book{schlosser_wissenschaftliche_2014,
	location = {Heidelberg {;Hamburg}},
	edition = {5., überarb. Aufl.},
	title = {Wissenschaftliche Arbeiten schreiben mit {LaTeX}},
	pagetotal = {324},
	publisher = {mitp-Verl},
	author = {Schlosser, Joachim},
	date = {2014},
	keywords = {Academic writing, {LATEX}, {LaTeX} (Computer program), Scientific writing, Technical writing, Wissenschaftliches Manuskript}
}

@book{theisen_wissenschaftliches_2013,
	location = {München},
	edition = {16., vollst. überarb. Aufl.},
	title = {Wissenschaftliches Arbeiten},
	abstract = {Das Standardwerk zum wissenschaftlichen Arbeiten - neu gestaltet, bewährte Qualität},
	pagetotal = {311},
	publisher = {Vahlen},
	author = {Theisen, Manuel René and Theisen, Martin},
	date = {2013},
	keywords = {Academic writing, Dissertations, academic, Research Methodology, Wissenschaftliches Arbeiten}
}

@book{kornmeier_wissenschaftlich_2013,
	location = {Bern},
	edition = {6., aktualisierte Aufl.},
	series = {{UTB} Schlüsselkompetenzen},
	title = {Wissenschaftlich schreiben leicht gemacht},
	abstract = {Wie gelingt es, ein wissenschaftliches Werk auf die erforderlichen Qualitätskriterien auszurichten und gleichzeitig leserfreundlich zu schreiben? Prägnant, anschaulich und mit vielen Beispielen zu Inhalt und Stil erklärt dieses Lehrbuch, wie man erfolgreich und verständlich schreibt: Warum benötigt eine wissenschaftliche Arbeit ein präzise formuliertes Thema? Eine Forschungsfrage? Definitionen und Hypothesen? Einen Theorieteil? Welche Literatur ist zu bevorzugen? Wie bewertet man deren Qualität? Wie soll die Arbeit gegliedert werden? Wie argumentiert man wissenschaftlich? Wie wird man rechtzeitig fertig? Wie meistert man {"Schreibkrisen"?} Wie entwickelt man einen Schreibstil, der beim Lesen Spaß macht? Die ultimative Arbeitshilfe für erfolgreiches und besseres Schreiben in Studium und Wissenschaft},
	pagetotal = {342},
	publisher = {Haupt},
	author = {Kornmeier, Martin},
	date = {2013},
	keywords = {370, Arbeitshilfe, Bachelorarbeit, Dissertation, Lehrbuch, Paperback / softback, Schreibtraining, Studienratgeber, Studierende aller Fachrichtungen, Wissenschaftler, Dozenten und Lehrer, Wissenschaftliches Arbeiten, Wissenschaftliches Manuskript}
}